@ARTICLE{4663680, 
author={J. Ruiz-Amaya and M. Delgado-Restituto and Á. Rodriguez-Vazquez}, 
journal={IEEE Transactions on Circuits and Systems I: Regular Papers}, 
title={Accurate Settling-Time Modeling and Design Procedures for Two-Stage Miller-Compensated Amplifiers for Switched-Capacitor Circuits}, 
year={2009}, 
volume={56}, 
number={6}, 
pages={1077-1087}, 
keywords={capacitors;operational amplifiers;switched capacitor networks;ENOB;SNDR;electrical simulation;full-fledged simulations;operational transconductance amplifiers;settling-time modeling;small-signal approach;switched-capacitor circuits;system-level specifications;two-stage miller-compensated amplifiers;Analog circuit design;data converters;design methodology;operational amplifiers;switched-capacitor (SC) circuits}, 
doi={10.1109/TCSI.2008.2008509}, 
ISSN={1549-8328}, 
month={June},}